<?xml version="1.0" encoding="UTF-8"?><collection xmlns="http://www.loc.gov/MARC21/slim"><record><leader>00297nam--2200109-i-4500</leader><controlfield tag="001">000021676</controlfield><controlfield tag="002">20161230</controlfield><controlfield tag="005">20161230201034</controlfield><controlfield tag="008">060222s1000------------r-----000-0-eng-d</controlfield><datafield ind1=" " ind2=" " tag="245"><subfield code="a">Indepartarea depunerilor de chiciura de pe liniile electrice aeriene</subfield></datafield><datafield ind1=" " ind2=" " tag="260"><subfield code="a">Bucuresti, Idt, 1959. 64p</subfield></datafield><datafield ind1=" " ind2=" " tag="852"><subfield code="a">6412</subfield></datafield></record></collection>